@misc{referencia01,
	author = {Polo Amador, Leydi Johana},
	title = {Estudio comparativo de sistemas de mapeo objeto relacional desarrollados
en plataformas Open Source},
	year = {2013},
	howpublished = {Recuperado de  {https://unipaz.edu.co/ojs/index.php/revcitecsa/article/view/34/31}},
	note = {Accedido 16-09-2019}
}
@misc{referencia02,
	author = {Osmel Yanes Enriquez and  Hansel Gracia del Busto},
	title = {teleMapeo Objeto / Relacional (ORM)},
	year = {2011},
	howpublished = {Recuperado de  {http://bit.ly/2kKWTjV}},
	note = {Accedido 16-09-2019}
}
@misc{referencia03,
	author = {Freddy P and Washington B and Fausto A},
	title = {Herramienta de Mapeo Objeto Relacional y la Productividad de laEmpresa Interfases Software Group},
	year = {2016},
	howpublished = {Recuperado de  {https://revistas.utb.edu.ec/index.php/sr/article/view/88/pdf}},
	note = {Accedido 16-09-2019}
}

@misc{referencia04,
	author={Alvial Cid Raquel  and Saavedra Quevedo Bernardita and Valenzuela Parada Victor },
	title = {ORM - Object Relational Mapping
(MapeoObjetoRelacional)},
	year = {2011},
	howpublished = {Recuperado de {http://bit.ly/2lPY8i4}},
	note = {Accedido 16-09-2019}
}
@misc{referencia05,
	author={Roger Calderón Moreno and  Daniel Arenas Seleey},
	title = {MAPEO DE OBJETOS A TRAVÉS DE UN MOTOR DE DATOS
NOSQL, CASO DE ESTUDIO: FRAMEWORK PARA DESARROLLO DE
APLICACIONES WEB},
	year = {2016},
	howpublished = {Recuperado de {http://bit.ly/2lPZjhu}},
	note = {Accedido 16-09-2019}
}
@misc{referencia06,
	author={Grimpi IT},
	title = {Patrones De Acceso A Datos: Active Record},
	year = {2008},
	howpublished = {Recuperado de {http://bit.ly/2km5AkD}},
	note = {Accedido 16-09-2019}
}
@misc{referencia07,
	author={Gabriel Nicolas  Schenker and Aaron Cure},
	title = {NHibernate 3 Beginner's Guide},
	year = {2011},
	howpublished = {Recuperado de {http://bit.ly/2kP2Egm}},
	note = {Accedido 17-09-2019}
}
@misc{referencia08,
	author={Sequelize},
	title = {NHibernate 3 Beginner's Guide},
	year = {2019},
	howpublished = {Recuperado de {https://sequelize.readthedocs.io}},
	note = {Accedido 16-09-2019}
}